@article{LAROS2012,
   title = {{Fatores associados ao desempenho escolar em Portugu\~A\textordfemenines: um estudo multin\~A\-vel por regi\~A\mues}},
   journal = {{Ensaio: Avalia\~A\S\~A\poundso e Pol\~A\-ticas P\~A\textordmasculineblicas em Educa\~A\S\~A\poundso}},
   author={Laros, Jacob Arie AND Marciano, Jo\~A\poundso Luiz AND Andrade, Josemberg Moura de},
   ISSN = {0104-4036},
   language = {pt},
   URL = {http://educa.fcc.org.br/scielo.php?script=sci_arttext&pid=S0104-40362012000400002&nrm=iso},
   volume = {20},
   year = {2012},
   month = {12},
   pages = {623 - 646},
   publisher = {scielo},
   }